<?xml version="1.0" encoding="UTF-8"?><collection xmlns="http://www.loc.gov/MARC21/slim"><record><leader>00368nam--2200133-i-4500</leader><controlfield tag="001">000003663</controlfield><controlfield tag="002">20161230</controlfield><controlfield tag="005">20161230201025</controlfield><controlfield tag="008">060222s1000------------r-----000-0-eng-d</controlfield><datafield ind1=" " ind2=" " tag="100"><subfield code="a">Corciovei, A</subfield></datafield><datafield ind1=" " ind2=" " tag="245"><subfield code="a">Stadiul actual al problemei antiferomagnetis mului</subfield></datafield><datafield ind1=" " ind2=" " tag="260"><subfield code="a">Bucuresti, Academia Rpr, 1958 P.127-157</subfield></datafield><datafield ind1=" " ind2=" " tag="490"><subfield code="a">Studii Si Cercetari De Fizica</subfield></datafield><datafield ind1=" " ind2=" " tag="852"><subfield code="a">4853</subfield></datafield></record></collection>